<?xml version="1.0" encoding="UTF-8"?><collection xmlns="http://www.loc.gov/MARC21/slim"><record><leader>00445nam--2200133-i-4500</leader><controlfield tag="001">000026400</controlfield><controlfield tag="002">20161230</controlfield><controlfield tag="005">20161230201036</controlfield><controlfield tag="008">060222s1000------------r-----000-0-eng-d</controlfield><datafield ind1=" " ind2=" " tag="080"><subfield code="a">389</subfield></datafield><datafield ind1=" " ind2=" " tag="245"><subfield code="a">Instructiuni pentru verificarea masurilor si aparatelor de masurat. colectie-capacitati 14-65. ed.oficiala</subfield></datafield><datafield ind1=" " ind2=" " tag="260"><subfield code="a">Bucuresti, Ed.De Stat Pentru Imprimate Si Publicatii, 1966. 304p</subfield></datafield><datafield ind1=" " ind2=" " tag="490"><subfield code="a">Oficiul De Stat Pentru Metrologie</subfield></datafield><datafield ind1=" " ind2=" " tag="852"><subfield code="a">25010</subfield></datafield></record></collection>